<marc:collection xmlns:marc="http://www.loc.gov/MARC21/slim" xmlns:xsi="http://www.w3.org/2001/XMLSchema-instance" xsi:schemaLocation="http://www.loc.gov/MARC21/slim http://www.loc.gov/standards/marcxml/schema/MARC21slim.xsd">
    <marc:record type="Bibliographic">
        <marc:leader>01247cem a22003253a 4500</marc:leader>
        <marc:controlfield tag="001">6868410</marc:controlfield>
        <marc:controlfield tag="005">20141202103533.0</marc:controlfield>
        <marc:controlfield tag="008">110422s1925    xx z   cu a     0   eng d</marc:controlfield>
        <marc:datafield tag="034" ind1="1" ind2=" ">
            <marc:subfield code="a">a</marc:subfield>
            <marc:subfield code="b">62500</marc:subfield>
            <marc:subfield code="d">-75.25</marc:subfield>
            <marc:subfield code="e">-75</marc:subfield>
            <marc:subfield code="f">42.25</marc:subfield>
            <marc:subfield code="g">42</marc:subfield>
        </marc:datafield>
        <marc:datafield tag="035" ind1=" " ind2=" ">
            <marc:subfield code="a">(NjP Geomap) 69576</marc:subfield>
        </marc:datafield>
        <marc:datafield tag="040" ind1=" " ind2=" ">
            <marc:subfield code="c">NjP</marc:subfield>
        </marc:datafield>
        <marc:datafield tag="041" ind1="0" ind2=" ">
            <marc:subfield code="a">eng</marc:subfield>
        </marc:datafield>
        <marc:datafield tag="245" ind1="0" ind2="0">
            <marc:subfield code="a">New York: (Delaware County) Walton Quadrangle</marc:subfield>
            <marc:subfield code="h">[cartographic material].</marc:subfield>
        </marc:datafield>
        <marc:datafield tag="250" ind1=" " ind2=" ">
            <marc:subfield code="a">Edition of 1925</marc:subfield>
        </marc:datafield>
        <marc:datafield tag="255" ind1=" " ind2=" ">
            <marc:subfield code="a">Scale 1:62,500</marc:subfield>
            <marc:subfield code="b"> Polyconic proj.</marc:subfield>
            <marc:subfield code="c">(W 75°15ʹ--W 75°0ʹ/N 42°15ʹ--N 42°0ʹ)</marc:subfield>
        </marc:datafield>
        <marc:datafield tag="260" ind1=" " ind2=" ">
            <marc:subfield code="a">[Washington, D.C.] : </marc:subfield>
            <marc:subfield code="b">U.S. Geological Survey, </marc:subfield>
            <marc:subfield code="c">1925.</marc:subfield>
        </marc:datafield>
        <marc:datafield tag="500" ind1=" " ind2=" ">
            <marc:subfield code="a">United States. Geological Survey.</marc:subfield>
        </marc:datafield>
        <marc:datafield tag="500" ind1=" " ind2=" ">
            <marc:subfield code="a">U.S.G.S.</marc:subfield>
        </marc:datafield>
        <marc:datafield tag="500" ind1=" " ind2=" ">
            <marc:subfield code="a">Alternate title: Walton, N.Y. Polyconic projection. Relief shown by 20 feet contour interval. Surveyed in 1922-1923. Verso: The topographic maps of the United States. Forests are shown in color.</marc:subfield>
        </marc:datafield>
        <marc:datafield tag="546" ind1=" " ind2=" ">
            <marc:subfield code="a">In English.</marc:subfield>
        </marc:datafield>
        <marc:datafield tag="650" ind1=" " ind2="0">
            <marc:subfield code="a">Topographic maps.</marc:subfield>
        </marc:datafield>
        <marc:datafield tag="651" ind1=" " ind2="7">
            <marc:subfield code="a">Walton.</marc:subfield>
            <marc:subfield code="2">local</marc:subfield>
        </marc:datafield>
        <marc:datafield tag="651" ind1=" " ind2="7">
            <marc:subfield code="a">U.S.--NY--Walton Quad.</marc:subfield>
            <marc:subfield code="2">local</marc:subfield>
        </marc:datafield>
        <marc:datafield tag="651" ind1=" " ind2="7">
            <marc:subfield code="a">U.S.--NY--Delaware Co.</marc:subfield>
            <marc:subfield code="2">local</marc:subfield>
        </marc:datafield>
        <marc:datafield tag="700" ind1="1" ind2=" ">
            <marc:subfield code="a">Belton, R. J.</marc:subfield>
        </marc:datafield>
        <marc:datafield tag="700" ind1="1" ind2=" ">
            <marc:subfield code="a">Davey, C. H.</marc:subfield>
        </marc:datafield>
        <marc:datafield tag="700" ind1="1" ind2=" ">
            <marc:subfield code="a">Smith, Olinus.</marc:subfield>
        </marc:datafield>
        <marc:datafield tag="700" ind1="1" ind2=" ">
            <marc:subfield code="a">Graff, Frederick Jr.</marc:subfield>
        </marc:datafield>
        <marc:datafield tag="852" ind1="8" ind2=" ">
            <marc:subfield code="b">scimc</marc:subfield>
            <marc:subfield code="h">G3801.C2.s62.U5G4 Walton</marc:subfield>
            <marc:subfield code="i">1925</marc:subfield>
        </marc:datafield>
        <marc:datafield tag="856" ind1="4" ind2=" ">
            <marc:subfield code="u">http://gisserver.princeton.edu/map/3564</marc:subfield>
        </marc:datafield>
    </marc:record>
    <marc:record type="Holdings">
        <marc:leader>00194nx  a22000851  4500</marc:leader>
        <marc:controlfield tag="001">6781569</marc:controlfield>
        <marc:controlfield tag="004">6868410</marc:controlfield>
        <marc:controlfield tag="005">20111019104221.0</marc:controlfield>
        <marc:controlfield tag="008">1110190u||||8|||4001uu|||0000000</marc:controlfield>
        <marc:datafield tag="852" ind1="8" ind2=" ">
            <marc:subfield code="b">scimc</marc:subfield>
            <marc:subfield code="h">G3801.C2.s62.U5G4 Walton</marc:subfield>
            <marc:subfield code="i">1925</marc:subfield>
        </marc:datafield>
    </marc:record>
    <marc:record type="Holdings">
        <marc:leader>00182nx  a22000854  4500</marc:leader>
        <marc:controlfield tag="001">7322304</marc:controlfield>
        <marc:controlfield tag="004">6868410</marc:controlfield>
        <marc:controlfield tag="005">20130514093242.0</marc:controlfield>
        <marc:controlfield tag="008">1305144u    8   1001uu   0901128</marc:controlfield>
        <marc:datafield tag="852" ind1="8" ind2=" ">
            <marc:subfield code="b">elf1</marc:subfield>
            <marc:subfield code="h">Electronic Resource</marc:subfield>
        </marc:datafield>
    </marc:record>
</marc:collection>
